@BOOK{Dem10,
	AUTHOR = {Demtröder, W.},
	YEAR = {2010},
	TITLE = {Experimentalphysik 4 - Kern-, Teilchen- Und Astrophysik},
	EDITION = {3. Auflage},
	ISBN = {978-3-642-01598-4},
	PUBLISHER = {Springer DE},
	ADDRESS = {Berlin}
}

@book{Dem08,
	title={Experimentalphysik 2},
	author={Demtr{\"o}der, W.},
	isbn={9783540682196},
	series={Experimentalphysik / Wolfgang Demtr{\"o}der},
	year={2008},
	publisher={Springer Berlin Heidelberg}
}


@BOOK{Tip14,
  TITLE={Physik: f{\"u}r Wissenschaftler und Ingenieure},
  EDITION = {7.},
  AUTHOR={Basler, M. and Tipler, P.A. and Dohmen, R. and Mosca, G. and 
Heinisch, C. and Schleitzer, A. and Zillgitt, M. and Wagner, J. and Kommer, C.},
  ISBN={978-3-642-54165-0},
  YEAR={2014},
  PUBLISHER={Springer Berlin Heidelberg}
}

@BOOK{Blu02,
  TITLE={Einführung zur Fehlerrechnung im Praktikum},
  AUTHOR={P. Blüm},
  YEAR={2002},
}

@book{litmap,
    title = {Literaturmappe zum Versuch Materialanalyse mit Röntgenstrahlen}
    }

@BOOK{Dem16,
    AUTHOR = {Demtröder, W.},
	YEAR = {2016},
	TITLE = {Experimentalphysik 3 - Atome, Moleküle und Festkörper},
	EDITION = {5. Auflage},
	ISBN = {978-3-662-49093-8},
	PUBLISHER = {Springer DE},
	ADDRESS = {Berlin}
    }

@book{wiki,
    title= {de.wikipedia.org/wiki/Alufolie}
    }
    
@book{wiki_lot,
    title = {https://de.wikipedia.org/wiki/Lot\_(Metall)}
    }
    
@book{wiki_konst,
    title = {https://de.wikipedia.org/wiki/Konstantan}
    }
    
@book{wiki_5ct,
    title = {https://de.wikipedia.org/wiki/Euromünzen}
    }

