@BOOK{Dem10,
	AUTHOR = {Demtröder, W.},
	YEAR = {2010},
	TITLE = {Experimentalphysik 4 - Kern-, Teilchen- Und Astrophysik},
	EDITION = {3. Auflage},
	ISBN = {978-3-642-01598-4},
	PUBLISHER = {Springer DE},
	ADDRESS = {Berlin}
}

@book{Dem08,
	title={Experimentalphysik 2},
	author={Demtr{\"o}der, W.},
	isbn={9783540682196},
	series={Experimentalphysik / Wolfgang Demtr{\"o}der},
	year={2008},
	publisher={Springer Berlin Heidelberg}
}


@BOOK{Tip14,
  TITLE={Physik: f{\"u}r Wissenschaftler und Ingenieure},
  EDITION = {7.},
  AUTHOR={Basler, M. and Tipler, P.A. and Dohmen, R. and Mosca, G. and 
Heinisch, C. and Schleitzer, A. and Zillgitt, M. and Wagner, J. and Kommer, C.},
  ISBN={978-3-642-54165-0},
  YEAR={2014},
  PUBLISHER={Springer Berlin Heidelberg}
}

@BOOK{Blu02,
  TITLE={Einführung zur Fehlerrechnung im Praktikum},
  AUTHOR={P. Blüm},
  YEAR={2002},
}

@book{Litmap,
    title = {Literaturmappe zum Versuch Massenspektrometer}
    }
    
@book{NIST,
    title = {http://webbook.nist.gov/cgi/cbook.cgi?ID=C74986\&Mask=200}
    }

@book{wiki,
    title = {https://en.wikipedia.org/wiki/Arrhenius\_equation}
    }

@book{chem,
    title = {http://www.chemgapedia.de/vsengine/vlu/vsc/de/ch/1/pc/pc\_04/pc\_04\_04\\/pc\_04\_04\_01.vlu/Page/vsc/de/ch/1/pc/pc\_04/pc\_04\_04/pc\_04\_04\_03.vscml.html}
    }
    
@book{lubw,
    title = {http://www4.lubw.baden-wuerttemberg.de/servlet/is/18340/}
    }
    
